@misc{alon2020,
      title={Structural Language Models of Code}, 
      author={Uri Alon and Roy Sadaka and Omer Levy and Eran Yahav},
      year={2020},
      eprint={1910.00577},
      archivePrefix={arXiv},
      primaryClass={cs.LG},
      url={https://arxiv.org/abs/1910.00577}, 
}
