@inproceedings{asaduzzaman2014,
  author    = {Asaduzzaman, Muhammad and Roy, Chanchal K. and Schneider, Kevin A. and Hou, Daqing},
  booktitle = {2014 IEEE International Conference on Software Maintenance and Evolution},
  title     = {Context-Sensitive Code Completion Tool for Better API Usability},
  year      = {2014},
  volume    = {},
  number    = {},
  pages     = {621-624},
  keywords  = {Context;Proposals;Java;Context modeling;Receivers;Libraries;Databases;API methods;Code Completion;Eclipse plugin},
  doi       = {10.1109/ICSME.2014.110}
}
