@misc{takerngsaksiri2024,
      title={Students' Perspective on AI Code Completion: Benefits and Challenges}, 
      author={Wannita Takerngsaksiri and Cleshan Warusavitarne and Christian Yaacoub and Matthew Hee Keng Hou and Chakkrit Tantithamthavorn},
      year={2024},
      eprint={2311.00177},
      archivePrefix={arXiv},
      primaryClass={cs.SE},
      url={https://arxiv.org/abs/2311.00177}, 
}
