@inproceedings{banarjee2005,
  title     = {{METEOR}: An Automatic Metric for {MT} Evaluation with Improved Correlation with Human Judgments},
  author    = {Banerjee, Satanjeev  and Lavie, Alon},
  booktitle = {Proceedings of the {ACL} Workshop on Intrinsic and Extrinsic Evaluation Measures for Machine Translation and/or Summarization},
  month     = jun,
  year      = {2005},
  address   = {Ann Arbor, Michigan},
  publisher = {Association for Computational Linguistics},
  url       = {https://www.aclweb.org/anthology/W05-0909},
  pages     = {65--72},
}