@misc{bhoopchand2016,
      title={Learning Python Code Suggestion with a Sparse Pointer Network}, 
      author={Avishkar Bhoopchand and Tim Rockt√§schel and Earl Barr and Sebastian Riedel},
      year={2016},
      eprint={1611.08307},
      archivePrefix={arXiv},
      primaryClass={cs.NE},
      url={https://arxiv.org/abs/1611.08307}, 
}
