@article{ciniselli2021,
  title     = {An Empirical Study on the Usage of Transformer Models for Code Completion},
  issn      = {2326-3881},
  url       = {http://dx.doi.org/10.1109/TSE.2021.3128234},
  doi       = {10.1109/tse.2021.3128234},
  journal   = {IEEE Transactions on Software Engineering},
  publisher = {Institute of Electrical and Electronics Engineers (IEEE)},
  author    = {Ciniselli, Matteo and Cooper, Nathan and Pascarella, Luca and Mastropaolo, Antonio and Aghajani, Emad and Poshyvanyk, Denys and Di Penta, Massimiliano and Bavota, Gabriele},
  year      = {2021},
  pages     = {1â€“1}
}
