@article{evtikhiev2022,
  title     = {Out of the BLEU: How should we assess quality of the Code Generation models?},
  volume    = {203},
  issn      = {0164-1212},
  url       = {http://dx.doi.org/10.1016/j.jss.2023.111741},
  doi       = {10.1016/j.jss.2023.111741},
  journal   = {Journal of Systems and Software},
  publisher = {Elsevier BV},
  author    = {Evtikhiev, Mikhail and Bogomolov, Egor and Sokolov, Yaroslav and Bryksin, Timofey},
  year      = {2022},
  month     = sep,
  pages     = {111741}
}