@article{gage1994,
  title={A new algorithm for data compression},
  author={Philip Gage},
  journal={The C Users Journal archive},
  year={1994},
  volume={12},
  pages={23-38},
  url={https://api.semanticscholar.org/CorpusID:59804030}
}
