@misc{giagnorio2025,
      title={Why Personalizing Deep Learning-Based Code Completion Tools Matters}, 
      author={Alessandro Giagnorio and Alberto Martin-Lopez and Gabriele Bavota},
      year={2025},
      eprint={2503.14201},
      archivePrefix={arXiv},
      primaryClass={cs.SE},
      url={https://arxiv.org/abs/2503.14201}, 
}
