@inproceedings{ginzberg2017,
  title={Automatic Code Completion},
  author={Adam Ginzberg and Lindsey Kostas and Tara Balakrishnan},
  year={2017},
  url={https://api.semanticscholar.org/CorpusID:35359813}
}
