@inproceedings{han2009,
  author    = {Han, Sangmok and Wallace, David R. and Miller, Robert C.},
  booktitle = {2009 IEEE/ACM International Conference on Automated Software Engineering},
  title     = {Code Completion from Abbreviated Input},
  year      = {2009},
  volume    = {},
  number    = {},
  pages     = {332-343},
  keywords  = {Hidden Markov models;Lead;Programming profession;Acceleration;Software engineering;Feedback;User interfaces;System testing;Sampling methods;Data mining;Code Completion;Hidden Markov Model;Abbreviation;Multiple Keywords;Code Assistants;Data Mining},
  doi       = {10.1109/ASE.2009.64}
}
