@inproceedings{izadi2022,
  series     = {ICSE ’22},
  title      = {CodeFill: multi-token code completion by jointly learning from structure and naming sequences},
  url        = {http://dx.doi.org/10.1145/3510003.3510172},
  doi        = {10.1145/3510003.3510172},
  booktitle  = {Proceedings of the 44th International Conference on Software Engineering},
  publisher  = {ACM},
  author     = {Izadi, Maliheh and Gismondi, Roberta and Gousios, Georgios},
  year       = {2022},
  month      = may,
  collection = {ICSE ’22}
}
