@misc{izadi2024,
  title         = {Language Models for Code Completion: A Practical Evaluation},
  author        = {Maliheh Izadi and Jonathan Katzy and Tim van Dam and Marc Otten and Razvan Mihai Popescu and Arie van Deursen},
  year          = {2024},
  eprint        = {2402.16197},
  archiveprefix = {arXiv},
  primaryclass  = {cs.SE},
  url           = {https://arxiv.org/abs/2402.16197}
}
