@misc{karampatsis2019,
      title={Maybe Deep Neural Networks are the Best Choice for Modeling Source Code}, 
      author={Rafael-Michael Karampatsis and Charles Sutton},
      year={2019},
      eprint={1903.05734},
      archivePrefix={arXiv},
      primaryClass={cs.SE},
      url={https://arxiv.org/abs/1903.05734}, 
}
