@misc{kim2021,
      title={Code Prediction by Feeding Trees to Transformers}, 
      author={Seohyun Kim and Jinman Zhao and Yuchi Tian and Satish Chandra},
      year={2021},
      eprint={2003.13848},
      archivePrefix={arXiv},
      primaryClass={cs.SE},
      url={https://arxiv.org/abs/2003.13848}, 
}
