@inproceedings{lin2004,
  title     = {{ROUGE}: A Package for Automatic Evaluation of Summaries},
  author    = {Lin, Chin-Yew},
  booktitle = {Text Summarization Branches Out},
  month     = jul,
  year      = {2004},
  address   = {Barcelona, Spain},
  publisher = {Association for Computational Linguistics},
  url       = {https://aclanthology.org/W04-1013/},
  pages     = {74--81}
}