@misc{liu2020,
      title={Multi-task Learning based Pre-trained Language Model for Code Completion}, 
      author={Fang Liu and Ge Li and Yunfei Zhao and Zhi Jin},
      year={2020},
      eprint={2012.14631},
      archivePrefix={arXiv},
      primaryClass={cs.SE},
      url={https://arxiv.org/abs/2012.14631}, 
}
