@misc{lu2021,
  title         = {CodeXGLUE: A Machine Learning Benchmark Dataset for Code Understanding and Generation},
  author        = {Shuai Lu and Daya Guo and Shuo Ren and Junjie Huang and Alexey Svyatkovskiy and Ambrosio Blanco and Colin Clement and Dawn Drain and Daxin Jiang and Duyu Tang and Ge Li and Lidong Zhou and Linjun Shou and Long Zhou and Michele Tufano and Ming Gong and Ming Zhou and Nan Duan and Neel Sundaresan and Shao Kun Deng and Shengyu Fu and Shujie Liu},
  year          = {2021},
  eprint        = {2102.04664},
  archiveprefix = {arXiv},
  primaryclass  = {cs.SE},
  url           = {https://arxiv.org/abs/2102.04664}
}
