@inproceedings{nguyen2015,
  author    = {Nguyen, Anh Tuan and Nguyen, Tien N.},
  booktitle = {2015 IEEE/ACM 37th IEEE International Conference on Software Engineering},
  title     = {Graph-Based Statistical Language Model for Code},
  year      = {2015},
  volume    = {1},
  number    = {},
  pages     = {858-868},
  keywords  = {Context;Syntactics;Probability;Engines;Programming;Accuracy;Computational modeling;Graph-based Language Model;API Suggestion;Syntactic Template Suggestion},
  doi       = {10.1109/ICSE.2015.336}
}
