@misc{peng2023,
      title={The Impact of AI on Developer Productivity: Evidence from GitHub Copilot}, 
      author={Sida Peng and Eirini Kalliamvakou and Peter Cihon and Mert Demirer},
      year={2023},
      eprint={2302.06590},
      archivePrefix={arXiv},
      primaryClass={cs.SE},
      url={https://arxiv.org/abs/2302.06590}, 
}
