@misc{svyatkovskiy2020,
      title={IntelliCode Compose: Code Generation Using Transformer}, 
      author={Alexey Svyatkovskiy and Shao Kun Deng and Shengyu Fu and Neel Sundaresan},
      year={2020},
      eprint={2005.08025},
      archivePrefix={arXiv},
      primaryClass={cs.CL},
      url={https://arxiv.org/abs/2005.08025}, 
}
