@inproceedings{tran2019,
  title     = {Does BLEU Score Work for Code Migration?},
  url       = {http://dx.doi.org/10.1109/ICPC.2019.00034},
  doi       = {10.1109/icpc.2019.00034},
  booktitle = {2019 IEEE/ACM 27th International Conference on Program Comprehension (ICPC)},
  publisher = {IEEE},
  author    = {Tran, Ngoc and Tran, Hieu and Nguyen, Son and Nguyen, Hoan and Nguyen, Tien},
  year      = {2019},
  month     = may,
  pages     = {165â€“176}
}