@misc{wang2021,
  title         = {Code Completion by Modeling Flattened Abstract Syntax Trees as Graphs},
  author        = {Yanlin Wang and Hui Li},
  year          = {2021},
  eprint        = {2103.09499},
  archiveprefix = {arXiv},
  primaryclass  = {cs.SE},
  url           = {https://arxiv.org/abs/2103.09499}
}
